@article{RN20,
   author = {Adams, Ben},
   title = {The top 10 pharma R \& D budgets in 2018},
   journal = {https://www.fiercebiotech.com/special-report/top-10-pharma-r-d-budgets-2018},
   url = {https://www.fiercebiotech.com/special-report/top-10-pharma-r-d-budgets-2018},
   year = {2019},
   type = {Journal Article}
}

@article{RN13,
   author = {Banerjee, T. and Siebert, R.},
   title = {Dynamic impact of uncertainty on R \& D cooperation formation and research performance: Evidence from the bio-pharmaceutical industry},
   journal = {Research Policy},
   volume = {46},
   number = {7},
   pages = {1255-1271},
   ISSN = {0048-7333},
   DOI = {10.1016/j.respol.2017.05.009},
   url = {<Go to ISI>://WOS:000405154300005},
   year = {2017},
   type = {Journal Article}
}

@article{RN16,
   author = {FDA, US},
   title = {NDA and BLA Calendar Year Approvals(2008-2015)},
   journal = {http://alturl.com/4br55},
   url = {http://wayback.archive-it.org/7993/20170111082712/http://www.fda.gov/Drugs/DevelopmentApprovalProcess/HowDrugsareDevelopedandApproved/DrugandBiologicApprovalReports/NDAandBLAApprovalReports/ucm373413.htm},
   year = {2017},
   type = {Journal Article}
}

@article{RN17,
   author = {FDA, US},
   title = {New Molecular Entity (NME) Drug and New Biologic Approvals(1999-2015)},
   journal = {http://alturl.com/6f4he},
   url = {http://wayback.archive-it.org/7993/20170111082713/http://www.fda.gov/Drugs/DevelopmentApprovalProcess/HowDrugsareDevelopedandApproved/DrugandBiologicApprovalReports/NDAandBLAApprovalReports/ucm373420.htm},
   year = {2017},
   type = {Journal Article}
}

@article{RN15,
   author = {FDA, US},
   title = {NDA and BLA Calendar Year Approvals(2015-2018)},
   journal = {http://alturl.com/5zg4a},
   url = {https://www.fda.gov/drugs/nda-and-bla-approvals/nda-and-bla-calendar-year-approvals},
   year = {2019},
   type = {Journal Article}
}

@article{RN18,
   author = {FDA, US},
   title = {New Molecular Entity (NME) Drug and New Biologic Approvals(2015-2018)},
   journal = {http://alturl.com/tc4z7},
   url = {https://www.fda.gov/drugs/nda-and-bla-approvals/new-molecular-entity-nme-drug-and-new-biologic-approvals},
   year = {2019},
   type = {Journal Article}
}

@article{RN11,
   author = {Fu, X. M. and Jiang, S. S. and Wang, N. and Wang, S. Q. and Wang, C. Y.},
   title = {The Research on International Development Path of China's Marine Biopharmaceutical Industry},
   journal = {Sustainability},
   volume = {10},
   number = {2},
   pages = {17},
   ISSN = {2071-1050},
   DOI = {10.3390/su10020399},
   url = {<Go to ISI>://WOS:000425943100122},
   year = {2018},
   type = {Journal Article}
}

@article{RN28,
   author = {Ganuza, J. J. and Llobet, G. and Dominguez, B.},
   title = {R \& D in the Pharmaceutical Industry: A World of Small Innovations},
   journal = {Management Science},
   volume = {55},
   number = {4},
   pages = {539-551},
   ISSN = {0025-1909},
   DOI = {10.1287/mnsc.1080.0959},
   url = {<Go to ISI>://WOS:000265008300003},
   year = {2009},
   type = {Journal Article}
}

@book{RN29,
   author = {Mankiw, N Gregory},
   title = {Principles of economics},
   publisher = {Cengage Learning},
   ISBN = {128516587X},
   year = {2014},
   type = {Book}
}

@article{RN14,
   author = {Popa, C. and Holvoet, K. and Van Montfort, T. and Groeneveld, F. and Simoens, S.},
   title = {Risk-Return Analysis of the Biopharmaceutical Industry as Compared to Other Industries},
   journal = {Frontiers in Pharmacology},
   volume = {9},
   pages = {7},
   ISSN = {1663-9812},
   DOI = {10.3389/fphar.2018.01108},
   url = {<Go to ISI>://WOS:000446033400001},
   year = {2018},
   type = {Journal Article}
}

@article{RN12,
   author = {Sabatier, V. and Mangematin, V. and Rousselle, T.},
   title = {From Recipe to Dinner: Business Model Portfolios in the European Biopharmaceutical Industry},
   journal = {Long Range Planning},
   volume = {43},
   number = {2-3},
   pages = {431-447},
   ISSN = {0024-6301},
   DOI = {10.1016/j.lrp.2010.02.001},
   url = {<Go to ISI>://WOS:000278355100019},
   year = {2010},
   type = {Journal Article}
}

@article{RN32,
   author = {北京福元医药股份有限公司},
   title = {研发成果},
   journal = {http://www.wansheng.com.cn/yjkf.aspx?id=34},
   year = {2018},
   type = {Journal Article}
}

@article{RN33,
   author = {北京福元医药股份有限公司},
   title = {研发平台},
   journal = {http://www.wansheng.com.cn/yjkf.aspx?id=33},
   year = {2018},
   type = {Journal Article}
}

@article{RN30,
   author = {北京福元医药股份有限公司},
   title = {研究开发},
   journal = {http://www.wansheng.com.cn/yjkf.aspx},
   year = {2018},
   type = {Journal Article}
}

@article{RN31,
   author = {北京福元医药股份有限公司},
   title = {关于福元},
   journal = {http://www.wansheng.com.cn/about.aspx?id=22},
   year = {2019},
   type = {Journal Article}
}

@phdthesis{RN7,
   author = {刁天喜},
   title = {我国制药企业技术创新战略选择问题探讨},
   university = {中国人民解放军军事医学科学院},
   type = {博士},
   year = {2007},
   type = {Thesis}
}

@article{RN36,
   author = {合全药业},
   title = {公司简介},
   journal = {http://www.stapharma.com.cn/cn/about-us/about-us/},
   year = {2019},
   type = {Journal Article}
}

@article{RN37,
   author = {合全药业},
   title = {研发和生产基地},
   journal = {http://www.stapharma.com.cn/cn/about-us/facilties/},
   year = {2019},
   type = {Journal Article}
}

@article{RN1,
   author = {康伟},
   title = {我国生物制药产业的发展现状与未来发展趋势},
   journal = {化工设计通讯},
   volume = {45},
   number = {04},
   pages = {203},
   ISSN = {1003-6490},
   year = {2019},
   type = {Journal Article}
}

@article{RN5,
   author = {李秀梅 and 杨培龙},
   title = {我国生物制药产业的发展现状及优势},
   journal = {中国药业},
   volume = {25},
   number = {18},
   pages = {8-11},
   ISSN = {1006-4931},
   year = {2016},
   type = {Journal Article}
}

@article{RN22,
   author = {刘旭亮 and 张立颖 and 臧恒昌},
   title = {仿制原料药研究开发流程及技术要求},
   journal = {齐鲁药事},
   volume = {28},
   number = {12},
   pages = {746-748},
   ISSN = {1672-7738},
   year = {2009},
   type = {Journal Article}
}

@article{RN2,
   author = {任志武 and 王昌林 and 白京羽 and 关德鹏 and 曾艳},
   title = {生物医药研发外包服务发展趋势及对我国的影响},
   journal = {中国经贸导刊},
   number = {03},
   pages = {32-33},
   ISSN = {1007-9777},
   year = {2008},
   type = {Journal Article}
}

@article{RN26,
   author = {申成霖 and 张新鑫 and 侯文华},
   title = {制药产业创新激励政策研究的述评与展望},
   journal = {中国卫生政策研究},
   volume = {10},
   number = {08},
   pages = {34-39},
   ISSN = {1674-2982},
   year = {2017},
   type = {Journal Article}
}

@article{RN27,
   author = {唐艳 and 徐怀伏},
   title = {药品价格管制与社会福利的经济学分析},
   journal = {中国卫生经济},
   number = {07},
   pages = {52-54},
   ISSN = {1003-0743},
   year = {2008},
   type = {Journal Article}
}

@article{RN3,
   author = {陶然 and 余正},
   title = {我国生物制药产业的现状及发展建议},
   journal = {中国药房},
   volume = {23},
   number = {37},
   pages = {3463-3465},
   ISSN = {1001-0408},
   year = {2012},
   type = {Journal Article}
}

@article{RN9,
   author = {吴晓波 and 韦影 and 杜健},
   title = {我国制药企业技术创新的战略网络研究},
   journal = {研究与发展管理},
   number = {06},
   pages = {24-28+34},
   ISSN = {1004-8308},
   year = {2004},
   type = {Journal Article}
}

@phdthesis{RN10,
   author = {吴哲明},
   title = {我国制药企业创新药物研发战略研究},
   university = {上海交通大学},
   type = {硕士},
   year = {2008},
   type = {Thesis}
}

@article{RN38,
   author = {习近平},
   title = {决胜全面建成小康社会 夺取新时代中国特色社会主义伟大胜利——在中国共产党第十九次全国代表大会上的报告},
   journal = {中国经济周刊},
   number = {42},
   pages = {68-96},
   ISSN = {1672-7150},
   year = {2017},
   type = {Journal Article}
}

@article{RN34,
   author = {先声药业},
   title = {研发},
   journal = {http://www.simcere.com/index.php/Index/research},
   year = {2018},
   type = {Journal Article}
}

@article{RN35,
   author = {先声药业},
   title = {制药},
   journal = {http://www.simcere.com/index.php/Index/manufacture},
   year = {2019},
   type = {Journal Article}
}

@article{RN19,
   author = {杨庆 and 刘玲玲 and 周斌},
   title = {我国创新药的发展现状及趋势},
   journal = {中国医药工业杂志},
   volume = {50},
   number = {06},
   pages = {676-680+693},
   ISSN = {1001-8255},
   year = {2019},
   type = {Journal Article}
}

@article{RN6,
   author = {张蕊 and 田澎},
   title = {生物制药产业现状分析及我国企业的发展战略},
   journal = {工业工程与管理},
   number = {05},
   pages = {107-111+117},
   ISSN = {1007-5429},
   year = {2005},
   type = {Journal Article}
}

@article{RN24,
   author = {中国产业信息网},
   title = {2017年中国创新药行业发展现状分析及未来发展前景预测},
   journal = {http://www.chyxx.com/industry/201709/568118.html},
   year = {2017},
   type = {Journal Article}
}

@article{RN23,
   author = {中国产业信息网},
   title = {2017年全球创新药行业研发水平分析},
   journal = {http://www.chyxx.com/industry/201802/611573.html},
   year = {2018},
   type = {Journal Article}
}

@article{RN25,
   author = {中国产业信息网},
   title = {2018年中国CMO/CDMO市场规模预测分析},
   journal = {http://www.chyxx.com/industry/201806/649187.html},
   year = {2018},
   type = {Journal Article}
}

@article{RN21,
   author = {中国产业信息网},
   title = {2018年中国仿制药行业现状及行业发展趋势分析},
   journal = {http://www.chyxx.com/industry/201808/665907.html},
   year = {2018},
   type = {Journal Article}
}

@phdthesis{RN8,
   author = {邹鲜红},
   title = {我国医药制造业技术创新效率及其影响因素研究},
   university = {中南大学},
   type = {博士},
   year = {2010},
   type = {Thesis}
}

